<record><leader>00000cas a22000007a 4500</leader><controlfield tag="001">12814032</controlfield><controlfield tag="008">851118d19181933sduwr ne      0    0eng  </controlfield><controlfield tag="009">466</controlfield><datafield ind1=" " ind2=" " tag="010"><subfield code="a">sn 85042725 </subfield></datafield><datafield ind1=" " ind2=" " tag="040"><subfield code="a">DLC</subfield><subfield code="b">eng</subfield><subfield code="c">DLC</subfield><subfield code="d">SXN</subfield><subfield code="d">OCLCO</subfield><subfield code="d">OCLCF</subfield></datafield><datafield ind1="1" ind2=" " tag="029"><subfield code="a">AU@</subfield><subfield code="b">000020235267</subfield></datafield><datafield ind1=" " ind2=" " tag="042"><subfield code="a">msc</subfield></datafield><datafield ind1=" " ind2=" " tag="043"><subfield code="a">n-us-sd</subfield></datafield><datafield ind1="0" ind2="0" tag="050"><subfield code="a">Newspaper 9765</subfield></datafield><datafield ind1="0" ind2=" " tag="130"><subfield code="a">Miner County pioneer (Howard, S.D. : 1918)</subfield></datafield><datafield ind1="0" ind2="4" tag="245"><subfield code="a">The Miner County pioneer.</subfield></datafield><datafield ind1="1" ind2="7" tag="246"><subfield code="a">Howard pioneer</subfield></datafield><datafield ind1=" " ind2=" " tag="260"><subfield code="a">Howard, S.D. :</subfield><subfield code="b">Fred C. Reeve,</subfield><subfield code="c">1918-1933.</subfield></datafield><datafield ind1=" " ind2=" " tag="300"><subfield code="a">v.</subfield></datafield><datafield ind1=" " ind2=" " tag="310"><subfield code="a">Weekly</subfield></datafield><datafield ind1="1" ind2=" " tag="362"><subfield code="a">Began in 1918.</subfield></datafield><datafield ind1="0" ind2=" " tag="362"><subfield code="a">Vol. 36, no. 14 (Apr. 5, 1918)-v. 51, no. 21 (May 26, 1933).</subfield></datafield><datafield ind1=" " ind2=" " tag="530"><subfield code="a">Available on microfilm from: State Archives, South Dakota State Historical Society.</subfield></datafield><datafield ind1=" " ind2=" " tag="580"><subfield code="a">Merged with: Miner County messenger, to form: Miner County pioneer and Miner County messenger.</subfield></datafield><datafield ind1=" " ind2="0" tag="651"><subfield code="a">Howard (S.D.)</subfield><subfield code="v">Newspapers.</subfield></datafield><datafield ind1=" " ind2="0" tag="651"><subfield code="a">Miner County (S.D.)</subfield><subfield code="v">Newspapers.</subfield></datafield><datafield ind1=" " ind2="7" tag="655"><subfield code="a">Newspapers.</subfield><subfield code="2">fast</subfield><subfield code="0">(OCoLC)fst01423814</subfield></datafield><datafield ind1=" " ind2="7" tag="651"><subfield code="a">South Dakota</subfield><subfield code="z">Howard.</subfield><subfield code="2">fast</subfield><subfield code="0">(OCoLC)fst01306795</subfield></datafield><datafield ind1=" " ind2="7" tag="651"><subfield code="a">South Dakota</subfield><subfield code="z">Miner County.</subfield><subfield code="2">fast</subfield><subfield code="0">(OCoLC)fst01208206</subfield></datafield><datafield ind1=" " ind2=" " tag="752"><subfield code="a">United States</subfield><subfield code="b">South Dakota</subfield><subfield code="c">Miner</subfield><subfield code="d">Howard.</subfield></datafield><datafield ind1="0" ind2="0" tag="780"><subfield code="t">Miner County Democrat</subfield><subfield code="w">(DLC)sn 99068100</subfield></datafield><datafield ind1="0" ind2="5" tag="780"><subfield code="t">Howard press (Howard, S.D. : 1909)</subfield><subfield code="w">(DLC)sn 99068096</subfield></datafield><datafield ind1="1" ind2="7" tag="785"><subfield code="t">Miner County messenger</subfield></datafield><datafield ind1="1" ind2="7" tag="785"><subfield code="t">Miner County pioneer and Miner County messenger</subfield><subfield code="w">(DLC)sn 99068101</subfield></datafield></record>